<record><leader>00000cas a22000007a 4500</leader><controlfield tag="001">14978488</controlfield><controlfield tag="008">861216d18751876mouwr ne      0    0eng d</controlfield><datafield ind1=" " ind2=" " tag="010"><subfield code="a">sn 86054016 </subfield></datafield><datafield ind1=" " ind2=" " tag="040"><subfield code="a">NPX</subfield><subfield code="b">eng</subfield><subfield code="c">NPX</subfield><subfield code="d">MQN</subfield><subfield code="d">NVF</subfield><subfield code="d">OCLCQ</subfield><subfield code="d">OCLCO</subfield></datafield><datafield ind1="1" ind2=" " tag="029"><subfield code="a">AU@</subfield><subfield code="b">000025799053</subfield></datafield><datafield ind1=" " ind2=" " tag="042"><subfield code="a">msc</subfield></datafield><datafield ind1=" " ind2=" " tag="043"><subfield code="a">n-us-mo</subfield></datafield><datafield ind1="0" ind2="4" tag="245"><subfield code="a">The Pike County express.</subfield></datafield><datafield ind1=" " ind2=" " tag="260"><subfield code="a">Curryville, Mo. :</subfield><subfield code="b">A.W. Robinson</subfield></datafield><datafield ind1=" " ind2=" " tag="300"><subfield code="a">v.</subfield></datafield><datafield ind1=" " ind2=" " tag="310"><subfield code="a">Weekly</subfield></datafield><datafield ind1="1" ind2=" " tag="362"><subfield code="a">Began in 1875? Ceased in 1876?</subfield></datafield><datafield ind1=" " ind2=" " tag="500"><subfield code="a">Published at Curryville, Mo., &lt;May 24-July 5, 1876&gt;; at Bowling Green, Mo., &lt;1876&gt;. Cf. Taft, W.H. Mo. newspapers: when and where, 1808-1963.</subfield></datafield><datafield ind1=" " ind2=" " tag="588"><subfield code="a">Description based on: Vol. 1, no. 27 (May 24, 1876).</subfield></datafield><datafield ind1=" " ind2="0" tag="651"><subfield code="a">Curryville (Mo.)</subfield><subfield code="v">Newspapers.</subfield></datafield><datafield ind1=" " ind2="0" tag="651"><subfield code="a">Pike County (Mo.)</subfield><subfield code="v">Newspapers.</subfield></datafield><datafield ind1=" " ind2=" " tag="752"><subfield code="a">United States</subfield><subfield code="b">Missouri</subfield><subfield code="c">Pike</subfield><subfield code="d">Bowling Green.</subfield></datafield><datafield ind1=" " ind2=" " tag="752"><subfield code="a">United States</subfield><subfield code="b">Missouri</subfield><subfield code="c">Pike</subfield><subfield code="d">Curryville.</subfield></datafield><datafield ind1="0" ind2="0" tag="785"><subfield code="t">Bowling Green times</subfield><subfield code="w">(DLC)sn 78006125</subfield></datafield></record>